<collection xmlns="http://www.loc.gov/MARC21/slim">
<record>
  <leader>01561nam0a22002771i 450 </leader>
  <controlfield tag="001">IT\ICCU\CNCE\058852</controlfield>
  <controlfield tag="005">20060509000000.0</controlfield>
  <datafield tag="100" ind1=" " ind2=" ">
    <subfield code="a">20040723d1526        0itac0103    ba</subfield>
  </datafield>
  <datafield tag="101" ind1=" " ind2=" ">
    <subfield code="a">LAT</subfield>
  </datafield>
  <datafield tag="102" ind1=" " ind2=" ">
    <subfield code="a">IT</subfield>
  </datafield>
  <datafield tag="200" ind1="1" ind2=" ">
    <subfield code="a">℗Excellentissimi Ioannis Roderici sacrae cesareae imperatricis medici peritissimi ℗Tractatus contra sex conclusiones XII principiorum Francisci de Villalobos sacrae cesareae maiestatis medici una cum aliis conclusionibus nouarum fantasiarum nunc  ab eodem Ioanne Roderico in lucem ediditis \!!</subfield>
  </datafield>
  <datafield tag="210" ind1=" " ind2=" ">
    <subfield code="a">Impressum Taurini</subfield>
    <subfield code="c">per magistrum Petrum Paulum de Porris</subfield>
    <subfield code="d">1526 die v mensis Maij</subfield>
  </datafield>
  <datafield tag="215" ind1=" " ind2=" ">
    <subfield code="a">XVI c.</subfield>
    <subfield code="d">fol</subfield>
  </datafield>
  <datafield tag="620" ind1=" " ind2=" ">
    <subfield code="a">IT</subfield>
    <subfield code="d">Torino</subfield>
  </datafield>
  <datafield tag="700" ind1=" " ind2="0">
    <subfield code="a">Amatus</subfield>
    <subfield code="c"> : Lusitanus</subfield>
    <subfield code="3">IT\ICCU\CNCA\000655</subfield>
  </datafield>
  <datafield tag="702" ind1=" " ind2="1">
    <subfield code="a">Lp̤ez de Villalobos,</subfield>
    <subfield code="b">Francisco</subfield>
    <subfield code="3">IT\ICCU\CNCA\017968</subfield>
  </datafield>
  <datafield tag="712" ind1="0" ind2="0">
    <subfield code="a">Porro, Pietro Paolo</subfield>
    <subfield code="3">IT\ICCU\CNCT\000381</subfield>
    <subfield code="4">650</subfield>
  </datafield>
  <datafield tag="790" ind1=" " ind2="1">
    <subfield code="a">Castelo Branco,</subfield>
    <subfield code="b">Joao Rodriguez</subfield>
    <subfield code="3">IT\ICCU\CNCA\007921</subfield>
    <subfield code="z">Amatus : Lusitanus</subfield>
  </datafield>
  <datafield tag="790" ind1=" " ind2="1">
    <subfield code="a">Rodriguez,</subfield>
    <subfield code="b">Joao</subfield>
    <subfield code="3">IT\ICCU\CNCA\015135</subfield>
    <subfield code="z">Amatus : Lusitanus</subfield>
  </datafield>
  <datafield tag="790" ind1=" " ind2="1">
    <subfield code="a">Villabos,</subfield>
    <subfield code="b">Francisco : de</subfield>
    <subfield code="3">IT\ICCU\CNCA\017969</subfield>
    <subfield code="z">Lp̤ez de Villalobos, Francisco</subfield>
  </datafield>
  <datafield tag="790" ind1=" " ind2="1">
    <subfield code="a">Villalobos,</subfield>
    <subfield code="b">Francisco</subfield>
    <subfield code="3">IT\ICCU\CNCA\025750</subfield>
    <subfield code="z">Lp̤ez de Villalobos, Francisco</subfield>
  </datafield>
  <datafield tag="790" ind1=" " ind2="1">
    <subfield code="a">Villalobos,</subfield>
    <subfield code="b">Francisco Lopez</subfield>
    <subfield code="3">IT\ICCU\CNCA\025751</subfield>
    <subfield code="z">Lp̤ez de Villalobos, Francisco</subfield>
  </datafield>
  <datafield tag="791" ind1="0" ind2="0">
    <subfield code="a">Porris, Petrus Paulus de</subfield>
    <subfield code="3">IT\ICCU\CNCT\002531</subfield>
    <subfield code="z">Porro, Pietro Paolo</subfield>
  </datafield>
  <datafield tag="791" ind1="0" ind2="0">
    <subfield code="a">De_Porris, Petrus Paulus</subfield>
    <subfield code="3">IT\ICCU\CNCT\002532</subfield>
    <subfield code="z">Porro, Pietro Paolo</subfield>
  </datafield>
  <datafield tag="791" ind1="0" ind2="0">
    <subfield code="a">Porrus, Petrus Paulus</subfield>
    <subfield code="3">IT\ICCU\CNCT\005473</subfield>
    <subfield code="z">Porro, Pietro Paolo</subfield>
  </datafield>
  <datafield tag="801" ind1=" " ind2="3">
    <subfield code="a">IT</subfield>
    <subfield code="b">ICCU</subfield>
    <subfield code="c">20201115</subfield>
  </datafield>
</record>
</collection>
